% Encoding: UTF-8

@article{kouakou2015determinants,
  title={Les d{\'e}terminants de l’adoption en situation professionnelle des r{\'e}seaux sociaux num{\'e}riques: Etude au sein des biblioth{\`e}ques des universit{\'e}s ivoiriennes},
  author={Kouakou, Sylvestre Kouassi and D’Hautcourt, Madame la Professeure Fran{\c{c}}oise and Brouwer, Monsieur le Professeur Christian},
  year={2015},
  publisher={Universit{\'e} libre de Bruxelles}
}

@article{rahmawati2021academic,
  title={Promotion des bibliothèques universitaires via les médias sociaux : une revue systématique de la littérature},
  author={Rahmawati, Nur Sanny et Rahmi, Rahmi},
  journal={Khizanah al-Hikmah : Jurnal Ilmu Perpustakaan, Informasi, et Kearsipan},
  volume={9},
  numéro={2},
  pages={157--168},
  année={2021}
}

@misc{marois2012reseaux,
  title={R{\'e}seaux sociaux et BU},
  author={Marois, Alain},
  year={2012},
  publisher={Presses de l'ENSSIB}
}

@phdthesis{leclercq2011valorisation,
  title={Valorisation du patrimoine num{\'e}ris{\'e} des biblioth{\`e}ques fran{\c{c}}aises sur les r{\'e}seaux sociaux},
  author={Leclercq, Natacha},
  year={2011},
  school={{\'e}diteur inconnu}
}

@article{alawadhi2019marketing,
  title={Marketing academic library information services using social media},
  author={AlAwadhi, Suha and Al-Daihani, Sultan M},
  journal={Library Management},
  volume={40},
  number={3/4},
  pages={228--239},
  year={2019},
  publisher={Emerald Publishing Limited}
}

@article{harrison2017social,
  title={Utilisation des médias sociaux dans les bibliothèques universitaires : une étude phénoménologique},
  author={Harrison, Amanda et Burress, René et Velasquez, Sarah et Schreiner, Lynnette},
  journal={La revue de la bibliothéconomie universitaire},
  volume={43},
  numéro={3},
  pages={248--256},
  année={2017},
  éditeur={Elsevier}
}

@article{chu2013social,
  title={Social networking tools for academic libraries},
  author={Chu, Samuel Kai-Wah and Du, Helen S},
  journal={Journal of librarianship and information science},
  volume={45},
  number={1},
  pages={64--75},
  year={2013},
  publisher={Sage Publications Sage UK: London, England}
}

@article{ramsey2014engageant,
  title={Engager les utilisateurs de la bibliothèque grâce à une stratégie de médias sociaux.},
  author={Ramsey, Elizabeth et Vecchione, Amy},
  journal={Journal de l'innovation des bibliothèques},
  volume={5},
  numéro={2},
  année={2014},
  éditeur={Citeseer}
}

@article{iriarte2018ebooks,
  title={Des ebooks dans sa poche: Projet de valorisation de la collection num{\'e}rique de la Biblioth{\`e}que de l'UNIGE},
  author={Iriarte, Pablo and Vieux, Aur{\'e}lie and Meury, Marc},
  journal={Revue {\'e}lectronique suisse de science de l'information. Retrieved from: http://www. ressi. ch/num19/article\_151},
  year={2018}
}

@phdthesis{vieux2014signaler,
  title={Signaler et valoriser les ressources documentaires num{\'e}riques en biblioth{\`e}que universitaire: quels enjeux pour la Biblioth{\`e}que de l'Universit{\'e} de Gen{\`e}ve?},
  author={Vieux, Aur{\'e}lie},
  year={2014},
  school={Haute {\'e}cole de gestion de Gen{\`e}ve}
}

@article{jin2022social,
  title={Recherche sur la communication de crise à médiation sociale : comment la génération, la consommation et la transmission de l'information influencent les processus et les résultats de la communication},
  author={Jin, Yan et Austin, Lucinda et Liu, Brooke Fisher},
  journal={Le manuel de communication de crise},
  pages={151--167},
  année={2022},
  editor={Bibliothèque en ligne Wiley}
}

@article{palmer2014caractérisant,
  title={Caractériser l'utilisation des médias sociaux par les bibliothèques universitaires : une étude de cas de Twitter et Facebook en Australie},
  auteur={Palmer, Stuart},
  journal={Le Journal de la bibliothéconomie universitaire},
  volume={40},
  numéro={6},
  pages={611--619},
  année={2014},
  éditeur={Elsevier}
}

@article{collins2012social,
  title={Social media and academic libraries: Current trends and future challenges},
  author={Collins, Gary and Quan-Haase, Anabel},
  journal={Proceedings of the American Society for Information Science and Technology},
  volume={49},
  number={1},
  pages={1--4},
  year={2012},
  publisher={Wiley Online Library}
}

@article{ristiyono2021effectiveness,
  title={EFFECTIVENESS OF E-RESOURCES SERVICES PROMOTION FOR LIBRARY UNDER THE CONCEPT OF DISTANCE EDUCATION UNIVERSITAS TERBUKA INDONESIA},
  author={Ristiyono, Mohammad Pandu},
  journal={Journal of Management Information and Decision Sciences},
  volume={24},
  pages={1--6},
  year={2021},
  publisher={Jordan Whitney Enterprises, Inc}
}

@book{mesguich2017bibliothèques,
  title={Biblioth{\`e}ques: le web est {\`a} vous},
  author={Mesguich, V{\'e}ronique},
  année={2017},
  editor={{\'E}éditions du Cercle de la Librairie}
}

@inproceedings{aharony2012facebook,
  title={Facebook use in libraries: an exploratory analysis},
  author={Aharony, Noa},
  booktitle={Aslib proceedings},
  volume={64},
  number={4},
  pages={358--372},
  year={2012},
  organization={Emerald Group Publishing Limited}
}

@article{deaudureau,
  title={AUDUREAU William,{\guillemotleft}1984, quand le jeu vid{\'e}o a {\'e}vit{\'e} le KO{\guillemotright}, dans JV—Sortons le grand jeu, no 3, janvier 2014, p. 86-91. BITTERLIN Kevin,{\guillemotleft}Mais pourquoi sommes-nous dingues de DBZ?{\guillemotright}, dans JV—Culture jeu vid{\'e}o, no 49, f{\'e}vrier 2019, p. 44-45. ID,{\guillemotleft}Les adaptations de manga sont-elles condamn{\'e}es {\`a} la niche?{\guillemotright}, ibid., p. 38-39.},
  author={DE, BILLETS},
  journal={" La diffusion de la culture populaire japonaise en Belgique francophone, des origines {\`a} nos jours},
  pages={180}
}

@article{palmer2014caractérisant,
  title={Caractériser l'utilisation des médias sociaux par les bibliothèques universitaires : une étude de cas de Twitter et Facebook en Australie},
  auteur={Palmer, Stuart},
  journal={Le Journal de la bibliothéconomie universitaire},
  volume={40},
  numéro={6},
  pages={611--619},
  année={2014},
  éditeur={Elsevier}
}

@article{fernandez2016redes,
  title={Las redes sociales en la Biblioteca Universitaria de Granada},
  author={Fern{\'a}ndez Ca{\~n}izares, Francisco and {\'A}lvarez Arias de Saavedra, Antonio and Dom{\'\i}nguez-Fern{\'a}ndez, Carmen and Doucet, Anne-Vinciane and Hidalgo Est{\'e}vez, Fernando and L{\'o}pez Garc{\'\i}a, Esteban and Pert{\'\i}{\~n}ez L{\'o}pez, Mar{\'\i}a Angustias and Rama Mart{\'\i}n, Eulalia and Tobias Rubio, Mar{\'\i}a Jes{\'u}s and others},
  year={2016},
  publisher={Asociaci{\'o}n Andaluza de Bibliotecarios (AAB)}
}

@article{rachman2021examinant,
  title={Examen de l'utilisation d'Instagram par les bibliothèques universitaires},
  auteur={Rachman, Yeni Budi},
  journal={Collège \& Bibliothèques de premier cycle},
  volume={27},
  nombre={2-4},
  pages={462--473},
  année={2021},
  éditeur={Taylor \& Francis}
}

@article{himes1954value,
  title={Value analysis in the theory of social problems},
  author={Himes, Joseph S},
  journal={Soc. F.},
  volume={33},
  pages={259},
  year={1954},
  publisher={HeinOnline}
}

@article{cordier2013diététique,
  title={Les lipides alimentaires et le cholestérol induisent un dysfonctionnement ovarien et une réponse anormale de la LH à la stimulation chez le lapin},
  author={Cordier, Anne-Ga{\"e}l et L{\'e}veill{\'e}, Pauline et Dupont, Charlotte et Tarrade, Anne et Picone, Olivier et Larcher, Thibaut et Dahirel, Mich{ \`e}le et Poumerol, Elodie et Mandon-Pepin, B{\'e}atrice et L{\'e}vy, Rachel et autres},
  journal={Plos un},
  volume={8},
  nombre={5},
  pages={e63101},
  année={2013},
  editor={Bibliothèque publique des sciences de San Francisco, États-Unis}
}

@article{al2015exploring,
  title={Exploring academic libraries’ use of Twitter: a content analysis},
  author={Al-Daihani, Sultan M and AlAwadhi, Suha A},
  journal={The Electronic Library},
  volume={33},
  number={6},
  pages={1002--1015},
  year={2015},
  publisher={Emerald Group Publishing Limited}
}

@article{hugot2018bibliotheques,
  title={Biblioth{\`e}ques acad{\'e}miques \& Twitter},
  author={Hugot, Christophe},
  journal={Arabesques},
  number={91},
  pages={16--17},
  year={2018}
}

@article{ruiz2016redes,
  title={Redes sociales y educaci{\'o}n universitaria},
  author={Ruiz Bol{\'\i}var, Carlos},
  journal={Paradigma},
  volume={37},
  number={1},
  pages={232--256},
  year={2016},
  publisher={Universidad Pedagogica Experimental Libertador}
}
  
  @article{margaix2008bibliotecas,
  title={Las bibliotecas universitarias y Facebook: c{\'o}mo y por qu{\'e} estar presentes},
  author={Margaix-Arnal, D{\'\i}dac},
  journal={Profesional de la Informaci{\'o}n},
  volume={17},
  number={6},
  pages={589--602},
  year={2008}
}

@article{carrasco2019redes,
  title={Redes, tweets y engagement: an{\'a}lisis de las bibliotecas universitarias espa{\~n}olas en Twitter},
  author={Carrasco Polaino, Rafael and Villar Cirujano, Ernesto and Mart{\'\i}n C{\'a}rdaba, Miguel {\'A}ngel},
  journal={El profesional de la informaci{\'o}n},
  volume={28},
  number={4},
  pages={1--14},
  year={2019},
  publisher={EPI SCP}
}

@article{cho2013youtube,
  title={YouTube and academic libraries: Building a digital collection},
  author={Cho, Allan},
  journal={Journal of electronic resources librarianship},
  volume={25},
  number={1},
  pages={39--50},
  year={2013},
  publisher={Taylor \& Francis}
}

@inproceedings{majid2012analysis,
  title={An analysis of YouTube videos for teaching information literacy skills},
  author={Majid, Shaheen and Khine, Win Kay Kay and Oo, Ma Zar Chi and Lwin, Zin Mar},
  booktitle={Advanced Information Technology in Education},
  pages={143--151},
  year={2012},
  organization={Springer}
}

@article{wiart2019presence,
  title={LA PR{\'E}SENCE DES BIBLIOTH{\`E}QUES SUR LES R{\'E}SEAUX SOCIAUX LITT{\'E}RAIRES* Des strat{\'e}gies en tension},
  author={Wiart, Louis and Queyraud, Franck},
  journal={Connaitre et valoriser la cr{\'e}ation litt{\'e}raire num{\'e}rique en biblioth{\`e}que},
  pages={133--138},
  year={2019},
  publisher={Presses de l'Enssib}
}

@article{ducas2014prescription,
  title={De la prescription: comment le livre vient au lecteur},
  author={Ducas, Sylvie and Pourchet, Maria},
  journal={Communication \& langages},
  number={1},
  pages={21--31},
  year={2014},
  publisher={Cairn/Softwin}
}

@article{palmer2014characterizing,
  title={Characterizing university library use of social media: A case study of Twitter and Facebook from Australia},
  author={Palmer, Stuart},
  journal={The Journal of Academic Librarianship},
  volume={40},
  number={6},
  pages={611--619},
  year={2014},
  publisher={Elsevier}
}

@article{mesguich2021chapitre,
  title={Chapitre 2. Trouver rapidement l’information pertinente},
  author={Mesguich, V{\'e}ronique},
  journal={Information et strategie},
  volume={2},
  pages={35--107},
  year={2021},
  publisher={De Boeck Sup{\'e}rieur}
}

@article{bar1960r,
  title={R. Feys. Allocution prononc{\'e}e par MR Feys. Le raisonnement en math{\'e}matiques et en sciences exp{\'e}rimentales. Colloques internationaux du Centre National de la Recherche Scientifique 70. Editions du Centre National de la Recherche Scientifique, Paris1958, pp. 135--136.-J.-L. Destouches. Allocution prononc{\'e}e par MJ-L. Destouches. Le raisonnement en math{\'e}matiques et en sciences exp{\'e}rimentales. Colloques internationaux du Centre National de la Recherche Scientifique 70. Editions du Centre National de la Recherche Scientifique, Paris1958, p. 137.-H{\aa}kan T{\"o}rnebohm. Logical Studies. Library of Theoria, No. I. CWK Gleerup, Lund, and Ejnar Munksgaard, Copenhagen, 1955, 83 pp.-H{\aa}kan T{\"o}rnebohm. Discourse analysis. Theoria (Lund), vol. 21 (1955), pp. 42--54. See also Erratum, ibid., p. 181.-H{\aa}kan T{\"o}rnebohm. Content of information. Theoria (Lund), vol. 21 (1955), pp. 146--157.},
  author={Bar-Hillel, Y},
  journal={The Journal of Symbolic Logic},
  volume={25},
  number={3},
  pages={288--289},
  year={1960},
  publisher={Cambridge University Press}
}

@article{hugot2017albert,
  title={Albert-Marie Schmidt: Esquisse d’une figure litt{\'e}raire},
  author={Hugot 1, Christophe},
  journal={Nord'},
  volume={69},
  number={1},
  pages={97--128},
  year={2017},
  publisher={Cairn/Cairn}
}

@book{mesguich2017bibliotheques,
  title={Biblioth{\`e}ques: le web est {\`a} vous},
  author={Mesguich, V{\'e}ronique},
  year={2017},
  publisher={{\'E}ditions du Cercle de la Librairie}
}

@article{diallo2016passe,
  title={Du pass{\'e} ne faisons pas table rase},
  author={Diallo, Malik and Haquet, Claire},
  year={2016}
}

@book{di2018produire,
  title={Produire des contenus documentaires en ligne: Quelles strat{\'e}gies pour les biblioth{\`e}ques?},
  author={Di Pietro, Christelle and others},
  year={2018},
  publisher={Presses de l’enssib}
}

@article{dujol2014positionnement,
  title={Le positionnement strat{\'e}gique des biblioth{\`e}ques dans la production de contenus en ligne, quels impacts sur les m{\'e}tiers?},
  author={Dujol, Lionel},
  journal={Produire des contenus documentaires en ligne: quelles strat{\'e}gies pour les biblioth{\`e}ques},
  pages={10--19},
  year={2014}
}

@article{stylianou2015review,
  title={A review of the international Burn Injury Database (iBID) for England and Wales: descriptive analysis of burn injuries 2003--2011},
  author={Stylianou, Neophytos and Buchan, Iain and Dunn, Ken W},
  journal={BMJ open},
  volume={5},
  number={2},
  year={2015},
  publisher={BMJ Publishing Group}
}
@phdthesis{souchon2014faire,
  title={Faire vivre les ressources num{\'e}riques dans la biblioth{\`e}que physique. Le cas des biblioth{\`e}ques universitaires.},
  author={Souchon, Fr{\'e}d{\'e}ric},
  year={2014},
  school={Ecole nationale sup{\'e}rieure dess sciences de l'information et des biblioth{\`e}ques}
}

@book{mesguich2017bibliotheques,
  title={Biblioth{\`e}ques: le web est {\`a} vous},
  author={Mesguich, V{\'e}ronique},
  year={2017},
  publisher={{\'E}ditions du Cercle de la Librairie}
}

@article{leroy2012bibliotheque,
  title={Une biblioth{\`e}que num{\'e}rique sur les r{\'e}seaux sociaux: l'exemple de Gallica},
  author={Leroy-Terquem, M{\'e}lanie and Jaubertie, Louis and Godet, Guillaume and Talbot, Jude and Moirez, Pauline},
  journal={Bulletin des Biblioth{\`e}ques de France},
  volume={57},
  number={5},
  pages={31--38},
  year={2012}
}

@article{chuiton2018construire,
  title={Construire sa pr{\'e}sence sur les r{\'e}seaux sociaux l’exemple du SCD de l’universit{\'e} Caen Normandie (UNICAEN)},
  author={Chuiton, C{\'e}line and Legalle, Julien and Talbot, Jude},
  journal={Arabesques},
  number={91},
  pages={12--13},
  year={2018}
}

@techreport{wagnieres2012etude,
  title={{\'E}tude sur l'utilisation des r{\'e}seaux sociaux en biblioth{\`e}que universitaire: le cas de l'int{\'e}gration de la Biblioth{\`e}que de l'EPFL},
  author={Wagni{\`e}res, Flore},
  year={2012}
}

@article{fernandez2016redes,
  title={Las redes sociales en la Biblioteca Universitaria de Granada},
  author={Fern{\'a}ndez Ca{\~n}izares, Francisco and {\'A}lvarez Arias de Saavedra, Antonio and Dom{\'\i}nguez-Fern{\'a}ndez, Carmen and Doucet, Anne-Vinciane and Hidalgo Est{\'e}vez, Fernando and L{\'o}pez Garc{\'\i}a, Esteban and Pert{\'\i}{\~n}ez L{\'o}pez, Mar{\'\i}a Angustias and Rama Mart{\'\i}n, Eulalia and Tobias Rubio, Mar{\'\i}a Jes{\'u}s and others},
  year={2016},
  publisher={Asociaci{\'o}n Andaluza de Bibliotecarios (AAB)}
}

@article{lagarde2019renvoi,
  title={Le renvoi en mati{\`e}re de succession immobili{\`e}re confront{\'e} au conflit de nationalit{\'e}s: (Civ. 1 re, 15 mai 2018, n° 17-11.571, D. 2018. 1072; ibid. 2384, obs. S. Godechot-Patris et C. Grare-Didier; ibid. 2019. 1016, obs. S. Clavel et F. Jault-Seseke; AJ fam. 2018. 408; JCP 2018. 789, note Th. Vignal; JDI 2019. 132, note N. Joubert)},
  author={Lagarde, Paul},
  journal={Revue critique de droit international priv{\'e}},
  volume={19},
  number={2},
  pages={527--534},
  year={2019},
  publisher={Cairn/Cairn}
}

@misc{marois2012reseaux,
  title={R{\'e}seaux sociaux et BU},
  author={Marois, Alain},
  year={2012},
  publisher={Presses de l'ENSSIB}
}

@article{locatorsuniform,
  title={Localisateurs de ressources uniformes},
  author={Locators, Uniform Resource et Berners-Lee, Tim},
  éditeur={Citeseer}
}

@article{harrison2017social,
  title={Social media use in academic libraries: A phenomenological study},
  author={Harrison, Amanda and Burress, Rene and Velasquez, Sarah and Schreiner, Lynnette},
  journal={The journal of academic librarianship},
  volume={43},
  number={3},
  pages={248--256},
  year={2017},
  publisher={Elsevier}
}

@book{koopman2007world,
  title={Guide mondial de l'enseignement des bibliothèques, des archives et des sciences de l'information},
  author={Koopman, Sjoerd et Schniederj{\"u}rgen, Axel},
  année={2007},
  editor={Walter de Gruyter--KG Saur}
}

@article{application zhu2016,
  title={L'application des médias sociaux dans la diffusion des ressources et services des bibliothèques universitaires : une étude de cas sur WeChat},
  auteur={Zhu, Qiandong},
  journal={Bibliothèque Hi Tech},
  volume={34},
  numéro={4},
  pages={615--624},
  année={2016},
  éditeur={Emerald Group Publishing Limited}
}

